@article{dos,
  author    = {Alexey Dosovitskiy and
               Jost Tobias Springenberg and
               Martin Riedmiller and
               Thomas Brox},
  title     = {Discriminative Unsupervised Feature Learning with Convolutional Neural
               Networks},
  journal   = {CoRR},
  volume    = {abs/1406.6909},
  year      = {2014},
  url       = {http://arxiv.org/abs/1406.6909},
  timestamp = {Wed, 06 Dec 4446119 07:45:20 +},
  biburl    = {http://dblp.uni-trier.de/rec/bib/journals/corr/DosovitskiySRB14},
  bibsource = {dblp computer science bibliography, http://dblp.org}
}